<record><leader>00000cas a22000007a 4500</leader><controlfield tag="001">1642733</controlfield><controlfield tag="008">750921d19391950mnuwr ne      0    0eng d</controlfield><datafield ind1=" " ind2=" " tag="010"><subfield code="a">sn 91059201 </subfield></datafield><datafield ind1=" " ind2=" " tag="040"><subfield code="a">MUL</subfield><subfield code="b">eng</subfield><subfield code="c">MUL</subfield><subfield code="d">MN#</subfield><subfield code="d">OCLCQ</subfield><subfield code="d">OCLCF</subfield><subfield code="d">OCLCO</subfield></datafield><datafield ind1="1" ind2=" " tag="029"><subfield code="a">AU@</subfield><subfield code="b">000025888882</subfield></datafield><datafield ind1=" " ind2=" " tag="042"><subfield code="a">msc</subfield></datafield><datafield ind1=" " ind2=" " tag="043"><subfield code="a">n-us-mn</subfield></datafield><datafield ind1=" " ind2=" " tag="052"><subfield code="a">4144</subfield><subfield code="b">B32</subfield><subfield code="b">M94</subfield></datafield><datafield ind1=" " ind2=" " tag="052"><subfield code="a">4143</subfield><subfield code="b">S9</subfield></datafield><datafield ind1="0" ind2="0" tag="245"><subfield code="a">Swift County independent.</subfield></datafield><datafield ind1=" " ind2=" " tag="260"><subfield code="a">Benson, Minn. :</subfield><subfield code="b">C.A. Jones,</subfield><subfield code="c">1939-1950.</subfield></datafield><datafield ind1=" " ind2=" " tag="300"><subfield code="a">12 v.</subfield></datafield><datafield ind1=" " ind2=" " tag="310"><subfield code="a">Weekly</subfield></datafield><datafield ind1="0" ind2=" " tag="362"><subfield code="a">Vol. 1, no. 1 (Nov. 9, 1939)-v. 12, no. 40 (Nov. 3, 1950).</subfield></datafield><datafield ind1=" " ind2=" " tag="500"><subfield code="a">Published at Murdock, Minn., Feb. 16, 1940-Nov. 3, 1950.</subfield></datafield><datafield ind1=" " ind2=" " tag="515"><subfield code="a">Vol. 1, no. 15-v. 2, no. 2 omitted in numbering.</subfield></datafield><datafield ind1=" " ind2=" " tag="530"><subfield code="a">Available on microfilm from the Minnesota Historical Society.</subfield></datafield><datafield ind1=" " ind2="0" tag="651"><subfield code="a">Swift County (Minn.)</subfield><subfield code="v">Newspapers.</subfield></datafield><datafield ind1=" " ind2="7" tag="655"><subfield code="a">Newspapers.</subfield><subfield code="2">fast</subfield><subfield code="0">(OCoLC)fst01423814</subfield></datafield><datafield ind1=" " ind2="7" tag="651"><subfield code="a">Minnesota</subfield><subfield code="z">Swift County.</subfield><subfield code="2">fast</subfield><subfield code="0">(OCoLC)fst01214846</subfield></datafield><datafield ind1=" " ind2=" " tag="752"><subfield code="a">United States</subfield><subfield code="b">Minnesota</subfield><subfield code="c">Swift</subfield><subfield code="d">Benson.</subfield></datafield><datafield ind1=" " ind2=" " tag="752"><subfield code="a">United States</subfield><subfield code="b">Minnesota</subfield><subfield code="c">Swift</subfield><subfield code="d">Murdock.</subfield></datafield><datafield ind1="0" ind2="5" tag="780"><subfield code="t">Murdock news</subfield><subfield code="w">(DLC)sn 91059212</subfield></datafield><datafield ind1="0" ind2="0" tag="785"><subfield code="t">Murdock independent</subfield><subfield code="w">(DLC)sn 91059202</subfield></datafield></record>